@inproceedings{Kristan2015ACCV,
  author = {Matej Kristan and Janez Per\v{s} and Vildana Suli\'{c} and Stanislav Kova\v{c}i\'{c}},
  title = {A Graphical Model for Rapid Obstacle Image-Map Estimation from Unmanned Surface Vehicles},
  booktitle = {Computer Vision -- ACCV 2014},
  series = {Lecture Notes in Computer Science},
  volume = {9007},
  pages = {391--406},
  year = {2015},
  publisher = {Springer}
}
@article{Kristan2016Cyber,
  author = {Matej Kristan and Vildana Suli\'{c} Kenk and Stanislav Kova\v{c}i\'{c} and Janez Per\v{s}},
  title = {Fast Image-Based Obstacle Detection from Unmanned Surface Vehicles},
  journal = {IEEE Transactions on Cybernetics},
  volume = {46},
  number = {3},
  pages = {641--654},
  year = {2016},
  doi = {10.1109/TCYB.2015.2413493}
}
@inproceedings{Wang2013ROBIO,
  author = {Han Wang and Zhuo Wei},
  title = {Stereovision based obstacle detection system for unmanned surface vehicle},
  booktitle = {IEEE Int. Conf. on Robotics and Biomimetics (ROBIO)},
  pages = {1144--1149},
  year = {2013},
  doi = {10.1109/ROBIO.2013.6739658}
}
@article{Prasad2017Survey,
  author = {Dilip K. Prasad and Deepu Rajan and Lily Rachmawati and Eshan Rajabally and Chai Quek},
  title = {Video Processing From Electro-Optical Sensors for Object Detection and Tracking in a Maritime Environment: A Survey},
  journal = {IEEE Transactions on Intelligent Transportation Systems},
  volume = {18},
  number = {8},
  pages = {1993--2008},
  year = {2017},
  doi = {10.1109/TITS.2017.2647782}
}
@article{Prasad2019Background,
  author = {Dilip K. Prasad and Chandrashekar K. Prasath and Deepu Rajan and Lily Rachmawati and Eshan Rajabally and Chai Quek},
  title = {Object Detection in a Maritime Environment: Performance Evaluation of Background Subtraction Methods},
  journal = {IEEE Transactions on Intelligent Transportation Systems},
  volume = {20},
  number = {5},
  pages = {1787--1802},
  year = {2019},
  doi = {10.1109/TITS.2018.2873115}
}
@inproceedings{Cane2016CVPRW,
  author = {Tom Cane and James Ferryman},
  title = {Saliency-Based Detection for Maritime Object Tracking},
  booktitle = {Proc. CVPR Workshops},
  pages = {1257--1264},
  year = {2016},
  doi = {10.1109/CVPRW.2016.158}
}
@inproceedings{Cane2019AVSS,
  author = {Tom Cane and James Ferryman},
  title = {Evaluating Deep Semantic Segmentation Networks for Object Detection in Maritime Surveillance},
  booktitle = {Proc. 15th IEEE Int. Conf. on Advanced Video and Signal-Based Surveillance (AVSS)},
  pages = {1--6},
  year = {2018} 
}
@article{Bovcon2021ITS,
  author = {Borja Bovcon and Jon Mu\v{h}ovi\v{c} and Du\v{s}ko Vranac and Dean Mozeti\v{c} and Janez Per\v{s} and Matej Kristan},
  title = {{MODS} – A USV-oriented object detection and obstacle segmentation benchmark},
  journal = {IEEE Transactions on Intelligent Transportation Systems},
  year = {2021},
  doi = {10.1109/TITS.2021.3069329}
}
@article{Bovcon2021Tcyb,
  author = {Borja Bovcon and Matej Kristan},
  title = {{WaSR} – A Water Segmentation and Refinement Maritime Obstacle Detection Network},
  journal = {IEEE Transactions on Cybernetics},
  pages = {1--14},
  year = {2021},
  doi = {10.1109/TCYB.2021.3094405}
}
@article{Chen2021TIM,
  author = {Xiang Chen and Yuanchang Liu and Kamalasudhan Achuthan},
  title = {{WODIS}: Water Obstacle Detection Network Based on Image Segmentation for Autonomous Surface Vehicles in Maritime Environments},
  journal = {IEEE Transactions on Instrumentation and Measurement},
  volume = {70},
  pages = {1--13},
  year = {2021},
  doi = {10.1109/TIM.2020.3045200}
}
@article{Lambert2022Sensors,
  author = {Reeve Lambert and Jalil Chavez-Galaviz and Jianwen Li and Nina Mahmoudian},
  title = {{ROSEBUD}: A Deep Fluvial Segmentation Dataset for Monocular Vision-Based River Navigation and Obstacle Avoidance},
  journal = {Sensors},
  volume = {22},
  number = {13},
  pages = {4681},
  year = {2022},
  doi = {10.3390/s22134681}
}
@inproceedings{Steccanella2020RAS,
  author = {Luca Steccanella and Daniele D. Bloisi and Alessandro Castellini and Alessandro Farinelli},
  title = {Waterline and obstacle detection in images from low-cost autonomous boats for environmental monitoring},
  booktitle = {Robotics and Autonomous Systems},
  volume = {124},
  pages = {103372},
  year = {2020},
  doi = {10.1016/j.robot.2019.103372}
}
@inproceedings{Yao2021IROS,
  author = {Li Yao and Dimitrios Kanoulas and Zhiqiang Ji and Yaochu Jin and Li Guan},
  title = {{ShorelineNet}: An Efficient Deep Learning Approach for Shoreline Semantic Segmentation for Unmanned Surface Vehicles},
  booktitle = {Proc. IEEE/RSJ Int. Conf. on Intelligent Robots and Systems (IROS)},
  pages = {9776--9783},
  year = {2021},
  doi = {10.1109/IROS51168.2021.9636539}
}
@article{Zust2022Sensors,
  author = {Lojze \v{Z}ust and Matej Kristan},
  title = {Learning with Weak Annotations for Robust Maritime Obstacle Detection},
  journal = {Sensors},
  volume = {22},
  number = {23},
  pages = {9139},
  year = {2022},
  doi = {10.3390/s22239139}
}
@inproceedings{Zust2022IROS,
  author = {Lojze \v{Z}ust and Matej Kristan},
  title = {Temporal Context for Robust Maritime Obstacle Detection},
  booktitle = {Proc. IEEE/RSJ Int. Conf. on Intelligent Robots and Systems (IROS)},
  year = {2022},
  doi = {10.1109/IROS45743.2022.9981757}
}
@inproceedings{Zust2023ICCV,
  author = {\v{Z}ust, Lojze and Per\v{s}, Janez and Kristan, Matej},
  title = {{LaRS}: A Diverse Panoptic Maritime Obstacle Detection Dataset and Benchmark},
  booktitle = {Proc. of ICCV},
  pages = {11211--11220},
  year = {2023}
}
@inproceedings{Cheng2021ICCV,
  author = {Yuwei Cheng and Jiannan Zhu and Mengxin Jiang and Jie Fu and Changsong Pang and Peidong Wang and Kris Sankaran and Olawale Onabola and Yimin Liu and Dianbo Liu and Yoshua Bengio},
  title = {{FloW}: A Dataset and Benchmark for Floating Waste Detection in Inland Waters},
  booktitle = {Proc. of IEEE/CVF Int. Conf. on Computer Vision (ICCV)},
  pages = {10953--10962},
  year = {2021}
}
@article{Cheng2021RAL,
  author = {Yuwei Cheng and Mengxin Jiang and Jiannan Zhu and Yimin Liu},
  title = {Are We Ready for Unmanned Surface Vehicles in Inland Waterways? The {USVInland} Multisensor Dataset and Benchmark},
  journal = {IEEE Robotics and Automation Letters},
  volume = {6},
  number = {2},
  pages = {3964--3970},
  year = {2021},
  doi = {10.1109/LRA.2021.3067271}
}
@article{BenShoushan2023RS,
  author = {Ravit Ben-Shoushan and Anna Brook},
  title = {Fused Thermal and {RGB} Imagery for Robust Detection and Classification of Dynamic Objects in Mixed Datasets via Pre-Trained High-Level {CNN}},
  journal = {Remote Sensing},
  volume = {15},
  number = {3},
  pages = {723},
  year = {2023},
  doi = {10.3390/rs15030723}
}
@article{Kristo2020Access,
  author = {Matej Kri\v{s}to and Martina Ivanovi\'{c}-Kos and Marjan Pobar},
  title = {Thermal object detection in difficult weather conditions using {YOLO}},
  journal = {IEEE Access},
  volume = {8},
  pages = {125459--125476},
  year = {2020},
  doi = {10.1109/ACCESS.2020.3007481}
}
@inproceedings{Nirgudkar2021ICAR,
  author = {Shailesh Nirgudkar and Paul Robinette},
  title = {Beyond Visible Light: Usage of Long Wave Infrared for Object Detection in Maritime Environment},
  booktitle = {Proc. 20th Int. Conf. on Advanced Robotics (ICAR)},
  pages = {1093--1100},
  year = {2021},
  doi = {10.1109/ICAR53236.2021.9659430}
}
@misc{Bochkovskiy2020YOLOv4,
  author = {Alexey Bochkovskiy and Chien-Yao Wang and Hong-Yuan Mark Liao},
  title = {{YOLOv4}: Optimal Speed and Accuracy of Object Detection},
  howpublished = {arXiv:2004.10934},
  year = {2020}
}
@inproceedings{Carion2020DETR,
  author = {Nicolas Carion and Francisco Massa and Gabriel Synnaeve and Nicolas Usunier and Alexander Kirillov and Sergey Zagoruyko},
  title = {End-to-End Object Detection with Transformers},
  booktitle = {Proc. European Conf. on Computer Vision (ECCV)},
  pages = {213--229},
  year = {2020},
  doi = {10.1007/978-3-030-58452-8_13}
}
@inproceedings{Zhang2023DINO,
  author = {Hao Zhang and Feng Li and Shilong Liu and Lei Zhang and Hang Su and Jun Zhu and Lionel M. Ni and Heung-Yeung Shum},
  title = {{DINO}: {DETR} with Improved DeNoising Anchor Boxes for End-to-End Object Detection},
  booktitle = {Proc. Int. Conf. on Learning Representations (ICLR)},
  year = {2023}
}
@misc{xie2021segformersimpleefficientdesign,
      title={SegFormer: Simple and Efficient Design for Semantic Segmentation with Transformers}, 
      author={Enze Xie and Wenhai Wang and Zhiding Yu and Anima Anandkumar and Jose M. Alvarez and Ping Luo},
      year={2021},
      eprint={2105.15203},
      archivePrefix={arXiv},
      primaryClass={cs.CV},
      url={https://arxiv.org/abs/2105.15203}, 
}

@inproceedings{Cheng2022Mask2Former,
  author = {Bowen Cheng and Ishan Misra and Alexander G. Schwing and Alexander Kirillov and Rohit Girdhar},
  title = {Masked-Attention Mask Transformer for Universal Image Segmentation},
  booktitle = {Proc. IEEE/CVF Conf. on Computer Vision and Pattern Recognition (CVPR)},
  pages = {1280--1289},
  year = {2022}
}

% U-Net
@misc{ronneberger2015unetconvolutionalnetworksbiomedical,
      title={U-Net: Convolutional Networks for Biomedical Image Segmentation}, 
      author={Olaf Ronneberger and Philipp Fischer and Thomas Brox},
      year={2015},
      eprint={1505.04597},
      archivePrefix={arXiv},
      primaryClass={cs.CV},
      url={https://arxiv.org/abs/1505.04597}, 
}

@misc{futrega2021optimizedunetbraintumor,
      title={Optimized U-Net for Brain Tumor Segmentation}, 
      author={Michał Futrega and Alexandre Milesi and Michal Marcinkiewicz and Pablo Ribalta},
      year={2021},
      eprint={2110.03352},
      archivePrefix={arXiv},
      primaryClass={eess.IV},
      url={https://arxiv.org/abs/2110.03352}, 
}

% SegFormer
@misc{xie2021segformer,
  title={SegFormer: Simple and Efficient Design for Semantic Segmentation with Transformers},
  author={Enze Xie and Wenhai Wang and Zhiding Yu and Anima Anandkumar and Jose M. Alvarez and Ping Luo},
  year={2021},
  eprint={2105.15203},
  archivePrefix={arXiv},
  primaryClass={cs.CV}
}

% ViT
@misc{dosovitskiy2021imageworth16x16words,
      title={An Image is Worth 16x16 Words: Transformers for Image Recognition at Scale}, 
      author={Alexey Dosovitskiy and Lucas Beyer and Alexander Kolesnikov and Dirk Weissenborn and Xiaohua Zhai and Thomas Unterthiner and Mostafa Dehghani and Matthias Minderer and Georg Heigold and Sylvain Gelly and Jakob Uszkoreit and Neil Houlsby},
      year={2021},
      eprint={2010.11929},
      archivePrefix={arXiv},
      primaryClass={cs.CV},
      url={https://arxiv.org/abs/2010.11929}, 
}

% YOLOv11
@misc{ultralytics_docs,
  title={Ultralytics YOLO Docs},
  author={Ultralytics},
  year={2024},
  url={https://docs.ultralytics.com/models/yolo11/}
}

@misc{arxiv_2410_17725,
  title={YOLOv11: An Overview of the Key Architectural Enhancements},
  author={Rahima Khanam and Muhammad Hussain},
  year={2024},
  eprint={2410.17725},
  archivePrefix={arXiv},
  primaryClass={cs.CV},
  url={https://arxiv.org/abs/2410.17725}
}
